@manual{minimax-handbuch,
    title = {Minimax - Handbuch},
    author = {Sven Baselau},
    month = {Januar},
    year = {2003}
}